[gd_scene load_steps=19 format=2]

[ext_resource path="res://objects/Blobby.gd" type="Script" id=1]
[ext_resource path="res://gfx/blobby/_elements/LeftHand&Arm.png" type="Texture" id=2]
[ext_resource path="res://gfx/blobby/_elements/Foot.png" type="Texture" id=3]
[ext_resource path="res://gfx/blobby/_elements/Body.png" type="Texture" id=4]
[ext_resource path="res://gfx/blobby/_elements/Eye.png" type="Texture" id=5]
[ext_resource path="res://gfx/blobby/_elements/RightHand&Arm.png" type="Texture" id=6]
[ext_resource path="res://levels/GUI.tscn" type="PackedScene" id=7]
[ext_resource path="res://sfx/Jump5.wav" type="AudioStream" id=8]
[ext_resource path="res://sfx/Hit_Hurt4.wav" type="AudioStream" id=9]
[ext_resource path="res://tilesets/Background.png" type="Texture" id=10]

[sub_resource type="CapsuleShape2D" id=9]

custom_solver_bias = 0.0
radius = 10.0
height = 20.0

[sub_resource type="CapsuleShape2D" id=2]

custom_solver_bias = 0.14
radius = 32.0
height = 13.0925

[sub_resource type="Animation" id=3]

length = 0.85
loop = false
step = 0.05
tracks/0/type = "value"
tracks/0/path = NodePath("Armature/Body/LeftArm/LeftHand:position")
tracks/0/interp = 1
tracks/0/loop_wrap = true
tracks/0/imported = false
tracks/0/enabled = true
tracks/0/keys = {
"times": PoolRealArray(  ),
"transitions": PoolRealArray(  ),
"update": 0,
"values": [  ]
}
tracks/1/type = "value"
tracks/1/path = NodePath("Armature/Body/LeftArm/LeftHand:rotation_degrees")
tracks/1/interp = 1
tracks/1/loop_wrap = true
tracks/1/imported = false
tracks/1/enabled = true
tracks/1/keys = {
"times": PoolRealArray(  ),
"transitions": PoolRealArray(  ),
"update": 0,
"values": [  ]
}
tracks/2/type = "value"
tracks/2/path = NodePath("Armature/Body/LeftArm:position")
tracks/2/interp = 1
tracks/2/loop_wrap = true
tracks/2/imported = false
tracks/2/enabled = true
tracks/2/keys = {
"times": PoolRealArray(  ),
"transitions": PoolRealArray(  ),
"update": 0,
"values": [  ]
}
tracks/3/type = "value"
tracks/3/path = NodePath("Armature/Body/LeftArm:rotation_degrees")
tracks/3/interp = 1
tracks/3/loop_wrap = true
tracks/3/imported = false
tracks/3/enabled = true
tracks/3/keys = {
"times": PoolRealArray(  ),
"transitions": PoolRealArray(  ),
"update": 0,
"values": [  ]
}
tracks/4/type = "value"
tracks/4/path = NodePath("Armature/Body/RightArm/RightHand:position")
tracks/4/interp = 1
tracks/4/loop_wrap = true
tracks/4/imported = false
tracks/4/enabled = true
tracks/4/keys = {
"times": PoolRealArray( 0, 0.15, 0.3, 0.45, 0.45, 0.55, 0.7, 0.85 ),
"transitions": PoolRealArray( 1, 1, 1, 1, 1, 1, 1, 1 ),
"update": 0,
"values": [ Vector2( 2.38538, 16.7572 ), Vector2( 2.38538, 16.7572 ), Vector2( 2.38538, 16.7572 ), Vector2( 2.38538, 16.7572 ), Vector2( 2.38538, 16.7572 ), Vector2( 2.38538, 16.7572 ), Vector2( 2.38538, 16.7572 ), Vector2( 2.38538, 16.7572 ) ]
}
tracks/5/type = "value"
tracks/5/path = NodePath("Armature/Body/RightArm/RightHand:rotation_degrees")
tracks/5/interp = 1
tracks/5/loop_wrap = true
tracks/5/imported = false
tracks/5/enabled = true
tracks/5/keys = {
"times": PoolRealArray( 0, 0.15, 0.3, 0.45, 0.45, 0.55, 0.7, 0.85 ),
"transitions": PoolRealArray( 1, 1, 1, 1, 1, 1, 1, 1 ),
"update": 0,
"values": [ -34.6517, -25.7582, -60.663, -15.5894, -14.4371, -60.663, -25.7582, -34.6517 ]
}
tracks/6/type = "value"
tracks/6/path = NodePath("Armature/Body/RightArm:position")
tracks/6/interp = 1
tracks/6/loop_wrap = true
tracks/6/imported = false
tracks/6/enabled = true
tracks/6/keys = {
"times": PoolRealArray( 0, 0.15, 0.3, 0.45, 0.45, 0.55, 0.7, 0.85 ),
"transitions": PoolRealArray( 1, 1, 1, 1, 1, 1, 1, 1 ),
"update": 0,
"values": [ Vector2( -18.1396, -32 ), Vector2( -18.1396, -32 ), Vector2( -18.1396, -32 ), Vector2( -18.1396, -32 ), Vector2( -18.1396, -32 ), Vector2( -18.1396, -32 ), Vector2( -18.1396, -32 ), Vector2( -18.1396, -32 ) ]
}
tracks/7/type = "value"
tracks/7/path = NodePath("Armature/Body/RightArm:rotation_degrees")
tracks/7/interp = 1
tracks/7/loop_wrap = true
tracks/7/imported = false
tracks/7/enabled = true
tracks/7/keys = {
"times": PoolRealArray( 0, 0.15, 0.3, 0.45, 0.45, 0.55, 0.7, 0.85 ),
"transitions": PoolRealArray( 1, 1, 1, 1, 1, 1, 1, 1 ),
"update": 0,
"values": [ 0.0, -24.1512, -24.1512, -69.2248, -70.3772, -24.1512, -24.1512, 0.0 ]
}
tracks/8/type = "value"
tracks/8/path = NodePath("Armature/Body:position")
tracks/8/interp = 1
tracks/8/loop_wrap = true
tracks/8/imported = false
tracks/8/enabled = true
tracks/8/keys = {
"times": PoolRealArray( 0 ),
"transitions": PoolRealArray( 1 ),
"update": 0,
"values": [ Vector2( 0.25, 34.825 ) ]
}
tracks/9/type = "value"
tracks/9/path = NodePath("Armature/Body:rotation_degrees")
tracks/9/interp = 1
tracks/9/loop_wrap = true
tracks/9/imported = false
tracks/9/enabled = true
tracks/9/keys = {
"times": PoolRealArray( 0 ),
"transitions": PoolRealArray( 1 ),
"update": 0,
"values": [ 0.0 ]
}
tracks/10/type = "value"
tracks/10/path = NodePath("Armature/Body/RightLeg:position")
tracks/10/interp = 1
tracks/10/loop_wrap = true
tracks/10/imported = false
tracks/10/enabled = true
tracks/10/keys = {
"times": PoolRealArray(  ),
"transitions": PoolRealArray(  ),
"update": 0,
"values": [  ]
}
tracks/11/type = "value"
tracks/11/path = NodePath("Armature/Body/RightLeg:rotation_degrees")
tracks/11/interp = 1
tracks/11/loop_wrap = true
tracks/11/imported = false
tracks/11/enabled = true
tracks/11/keys = {
"times": PoolRealArray(  ),
"transitions": PoolRealArray(  ),
"update": 0,
"values": [  ]
}
tracks/12/type = "value"
tracks/12/path = NodePath("Armature/Body/LeftLeg:position")
tracks/12/interp = 1
tracks/12/loop_wrap = true
tracks/12/imported = false
tracks/12/enabled = true
tracks/12/keys = {
"times": PoolRealArray(  ),
"transitions": PoolRealArray(  ),
"update": 0,
"values": [  ]
}
tracks/13/type = "value"
tracks/13/path = NodePath("Armature/Body/LeftLeg:rotation_degrees")
tracks/13/interp = 1
tracks/13/loop_wrap = true
tracks/13/imported = false
tracks/13/enabled = true
tracks/13/keys = {
"times": PoolRealArray(  ),
"transitions": PoolRealArray(  ),
"update": 0,
"values": [  ]
}

[sub_resource type="Animation" id=4]

length = 1.0
loop = false
step = 0.1
tracks/0/type = "value"
tracks/0/path = NodePath("Armature/Body:position")
tracks/0/interp = 1
tracks/0/loop_wrap = true
tracks/0/imported = false
tracks/0/enabled = true
tracks/0/keys = {
"times": PoolRealArray( 0 ),
"transitions": PoolRealArray( 1 ),
"update": 0,
"values": [ Vector2( 0.25, 34.825 ) ]
}
tracks/1/type = "value"
tracks/1/path = NodePath("Armature/Body:rotation_degrees")
tracks/1/interp = 1
tracks/1/loop_wrap = true
tracks/1/imported = false
tracks/1/enabled = true
tracks/1/keys = {
"times": PoolRealArray( 0 ),
"transitions": PoolRealArray( 1 ),
"update": 0,
"values": [ -89.5849 ]
}
tracks/2/type = "value"
tracks/2/path = NodePath("Armature/Body/RightLeg:position")
tracks/2/interp = 1
tracks/2/loop_wrap = true
tracks/2/imported = false
tracks/2/enabled = true
tracks/2/keys = {
"times": PoolRealArray( 0 ),
"transitions": PoolRealArray( 1 ),
"update": 0,
"values": [ Vector2( -14.4994, -4.95843 ) ]
}
tracks/3/type = "value"
tracks/3/path = NodePath("Armature/Body/RightLeg:rotation_degrees")
tracks/3/interp = 1
tracks/3/loop_wrap = true
tracks/3/imported = false
tracks/3/enabled = true
tracks/3/keys = {
"times": PoolRealArray( 0 ),
"transitions": PoolRealArray( 1 ),
"update": 0,
"values": [ 61.728 ]
}
tracks/4/type = "value"
tracks/4/path = NodePath("Armature/Body/LeftLeg:position")
tracks/4/interp = 1
tracks/4/loop_wrap = true
tracks/4/imported = false
tracks/4/enabled = true
tracks/4/keys = {
"times": PoolRealArray( 0 ),
"transitions": PoolRealArray( 1 ),
"update": 0,
"values": [ Vector2( 10.2991, -3.62831 ) ]
}
tracks/5/type = "value"
tracks/5/path = NodePath("Armature/Body/LeftLeg:rotation_degrees")
tracks/5/interp = 1
tracks/5/loop_wrap = true
tracks/5/imported = false
tracks/5/enabled = true
tracks/5/keys = {
"times": PoolRealArray( 0 ),
"transitions": PoolRealArray( 1 ),
"update": 0,
"values": [ 59.6957 ]
}
tracks/6/type = "value"
tracks/6/path = NodePath("Armature/Body/RightArm/RightHand:rotation_degrees")
tracks/6/interp = 1
tracks/6/loop_wrap = true
tracks/6/imported = false
tracks/6/enabled = true
tracks/6/keys = {
"times": PoolRealArray( 0 ),
"transitions": PoolRealArray( 1 ),
"update": 0,
"values": [ 6.08978 ]
}
tracks/7/type = "value"
tracks/7/path = NodePath("Armature/Body/RightArm:rotation_degrees")
tracks/7/interp = 1
tracks/7/loop_wrap = true
tracks/7/imported = false
tracks/7/enabled = true
tracks/7/keys = {
"times": PoolRealArray( 0 ),
"transitions": PoolRealArray( 1 ),
"update": 0,
"values": [ -189.853 ]
}
tracks/8/type = "value"
tracks/8/path = NodePath("Armature/Body/RightArm/RightHand:position")
tracks/8/interp = 1
tracks/8/loop_wrap = true
tracks/8/imported = false
tracks/8/enabled = true
tracks/8/keys = {
"times": PoolRealArray( 0 ),
"transitions": PoolRealArray( 1 ),
"update": 0,
"values": [ Vector2( 2.38538, 16.7573 ) ]
}
tracks/9/type = "value"
tracks/9/path = NodePath("Armature/Body/RightArm:position")
tracks/9/interp = 1
tracks/9/loop_wrap = true
tracks/9/imported = false
tracks/9/enabled = true
tracks/9/keys = {
"times": PoolRealArray( 0 ),
"transitions": PoolRealArray( 1 ),
"update": 0,
"values": [ Vector2( -18.1396, -32 ) ]
}
tracks/10/type = "value"
tracks/10/path = NodePath("Armature/Body/LeftArm/LeftHand:position")
tracks/10/interp = 1
tracks/10/loop_wrap = true
tracks/10/imported = false
tracks/10/enabled = true
tracks/10/keys = {
"times": PoolRealArray( 0 ),
"transitions": PoolRealArray( 1 ),
"update": 0,
"values": [ Vector2( -0.313627, 15.7842 ) ]
}
tracks/11/type = "value"
tracks/11/path = NodePath("Armature/Body/LeftArm/LeftHand:rotation_degrees")
tracks/11/interp = 1
tracks/11/loop_wrap = true
tracks/11/imported = false
tracks/11/enabled = true
tracks/11/keys = {
"times": PoolRealArray( 0 ),
"transitions": PoolRealArray( 1 ),
"update": 0,
"values": [ 11.1796 ]
}
tracks/12/type = "value"
tracks/12/path = NodePath("Armature/Body/LeftArm:position")
tracks/12/interp = 1
tracks/12/loop_wrap = true
tracks/12/imported = false
tracks/12/enabled = true
tracks/12/keys = {
"times": PoolRealArray( 0 ),
"transitions": PoolRealArray( 1 ),
"update": 0,
"values": [ Vector2( 19.6922, -30.1584 ) ]
}
tracks/13/type = "value"
tracks/13/path = NodePath("Armature/Body/LeftArm:rotation_degrees")
tracks/13/interp = 1
tracks/13/loop_wrap = true
tracks/13/imported = false
tracks/13/enabled = true
tracks/13/keys = {
"times": PoolRealArray( 0 ),
"transitions": PoolRealArray( 1 ),
"update": 0,
"values": [ -206.398 ]
}

[sub_resource type="Animation" id=5]

length = 0.1
loop = true
step = 0.1
tracks/0/type = "value"
tracks/0/path = NodePath("Armature/Body:position")
tracks/0/interp = 1
tracks/0/loop_wrap = true
tracks/0/imported = false
tracks/0/enabled = true
tracks/0/keys = {
"times": PoolRealArray( 0 ),
"transitions": PoolRealArray( 1 ),
"update": 0,
"values": [ Vector2( 0.25, 34.825 ) ]
}
tracks/1/type = "value"
tracks/1/path = NodePath("Armature/Body:rotation_degrees")
tracks/1/interp = 1
tracks/1/loop_wrap = true
tracks/1/imported = false
tracks/1/enabled = true
tracks/1/keys = {
"times": PoolRealArray( 0 ),
"transitions": PoolRealArray( 1 ),
"update": 0,
"values": [ 12.2241 ]
}
tracks/2/type = "value"
tracks/2/path = NodePath("Armature/Body/RightLeg:position")
tracks/2/interp = 1
tracks/2/loop_wrap = true
tracks/2/imported = false
tracks/2/enabled = true
tracks/2/keys = {
"times": PoolRealArray( 0 ),
"transitions": PoolRealArray( 1 ),
"update": 0,
"values": [ Vector2( -14.4994, -4.95843 ) ]
}
tracks/3/type = "value"
tracks/3/path = NodePath("Armature/Body/RightLeg:rotation_degrees")
tracks/3/interp = 1
tracks/3/loop_wrap = true
tracks/3/imported = false
tracks/3/enabled = true
tracks/3/keys = {
"times": PoolRealArray( 0 ),
"transitions": PoolRealArray( 1 ),
"update": 0,
"values": [ -7.70839 ]
}
tracks/4/type = "value"
tracks/4/path = NodePath("Armature/Body/LeftLeg:position")
tracks/4/interp = 1
tracks/4/loop_wrap = true
tracks/4/imported = false
tracks/4/enabled = true
tracks/4/keys = {
"times": PoolRealArray( 0 ),
"transitions": PoolRealArray( 1 ),
"update": 0,
"values": [ Vector2( 10.0718, -3.8523 ) ]
}
tracks/5/type = "value"
tracks/5/path = NodePath("Armature/Body/LeftLeg:rotation_degrees")
tracks/5/interp = 1
tracks/5/loop_wrap = true
tracks/5/imported = false
tracks/5/enabled = true
tracks/5/keys = {
"times": PoolRealArray( 0 ),
"transitions": PoolRealArray( 1 ),
"update": 0,
"values": [ -17.8263 ]
}
tracks/6/type = "value"
tracks/6/path = NodePath("Armature/Body/LeftArm/LeftHand:position")
tracks/6/interp = 1
tracks/6/loop_wrap = true
tracks/6/imported = false
tracks/6/enabled = true
tracks/6/keys = {
"times": PoolRealArray( 0 ),
"transitions": PoolRealArray( 1 ),
"update": 0,
"values": [ Vector2( -0.31362, 15.7842 ) ]
}
tracks/7/type = "value"
tracks/7/path = NodePath("Armature/Body/LeftArm/LeftHand:rotation_degrees")
tracks/7/interp = 1
tracks/7/loop_wrap = true
tracks/7/imported = false
tracks/7/enabled = true
tracks/7/keys = {
"times": PoolRealArray( 0 ),
"transitions": PoolRealArray( 1 ),
"update": 0,
"values": [ -11.0458 ]
}
tracks/8/type = "value"
tracks/8/path = NodePath("Armature/Body/LeftArm:position")
tracks/8/interp = 1
tracks/8/loop_wrap = true
tracks/8/imported = false
tracks/8/enabled = true
tracks/8/keys = {
"times": PoolRealArray( 0 ),
"transitions": PoolRealArray( 1 ),
"update": 0,
"values": [ Vector2( 19.6922, -30.1584 ) ]
}
tracks/9/type = "value"
tracks/9/path = NodePath("Armature/Body/LeftArm:rotation_degrees")
tracks/9/interp = 1
tracks/9/loop_wrap = true
tracks/9/imported = false
tracks/9/enabled = true
tracks/9/keys = {
"times": PoolRealArray( 0 ),
"transitions": PoolRealArray( 1 ),
"update": 0,
"values": [ -195.943 ]
}
tracks/10/type = "value"
tracks/10/path = NodePath("Armature/Body/RightArm/RightHand:position")
tracks/10/interp = 1
tracks/10/loop_wrap = true
tracks/10/imported = false
tracks/10/enabled = true
tracks/10/keys = {
"times": PoolRealArray( 0 ),
"transitions": PoolRealArray( 1 ),
"update": 0,
"values": [ Vector2( 2.38539, 16.7573 ) ]
}
tracks/11/type = "value"
tracks/11/path = NodePath("Armature/Body/RightArm/RightHand:rotation_degrees")
tracks/11/interp = 1
tracks/11/loop_wrap = true
tracks/11/imported = false
tracks/11/enabled = true
tracks/11/keys = {
"times": PoolRealArray( 0 ),
"transitions": PoolRealArray( 1 ),
"update": 0,
"values": [ -18.8672 ]
}
tracks/12/type = "value"
tracks/12/path = NodePath("Armature/Body/RightArm:position")
tracks/12/interp = 1
tracks/12/loop_wrap = true
tracks/12/imported = false
tracks/12/enabled = true
tracks/12/keys = {
"times": PoolRealArray( 0 ),
"transitions": PoolRealArray( 1 ),
"update": 0,
"values": [ Vector2( -18.1396, -32 ) ]
}
tracks/13/type = "value"
tracks/13/path = NodePath("Armature/Body/RightArm:rotation_degrees")
tracks/13/interp = 1
tracks/13/loop_wrap = true
tracks/13/imported = false
tracks/13/enabled = true
tracks/13/keys = {
"times": PoolRealArray( 0 ),
"transitions": PoolRealArray( 1 ),
"update": 0,
"values": [ -195.424 ]
}

[sub_resource type="Animation" id=6]

length = 0.7
loop = true
step = 0.05
tracks/0/type = "value"
tracks/0/path = NodePath("Armature/Body/LeftArm/LeftHand:position")
tracks/0/interp = 1
tracks/0/loop_wrap = true
tracks/0/imported = false
tracks/0/enabled = true
tracks/0/keys = {
"times": PoolRealArray( 0, 0.35 ),
"transitions": PoolRealArray( 1, 1 ),
"update": 0,
"values": [ Vector2( -0.313627, 15.7842 ), Vector2( -0.313633, 15.7842 ) ]
}
tracks/1/type = "value"
tracks/1/path = NodePath("Armature/Body/LeftArm/LeftHand:rotation_degrees")
tracks/1/interp = 1
tracks/1/loop_wrap = true
tracks/1/imported = false
tracks/1/enabled = true
tracks/1/keys = {
"times": PoolRealArray( 0, 0.35 ),
"transitions": PoolRealArray( 1, 1 ),
"update": 0,
"values": [ -55.5436, -21.3956 ]
}
tracks/2/type = "value"
tracks/2/path = NodePath("Armature/Body/LeftArm:position")
tracks/2/interp = 1
tracks/2/loop_wrap = true
tracks/2/imported = false
tracks/2/enabled = true
tracks/2/keys = {
"times": PoolRealArray( 0, 0.35 ),
"transitions": PoolRealArray( 1, 1 ),
"update": 0,
"values": [ Vector2( 19.6922, -30.1584 ), Vector2( 19.6922, -30.1584 ) ]
}
tracks/3/type = "value"
tracks/3/path = NodePath("Armature/Body/LeftArm:rotation_degrees")
tracks/3/interp = 1
tracks/3/loop_wrap = true
tracks/3/imported = false
tracks/3/enabled = true
tracks/3/keys = {
"times": PoolRealArray( 0, 0.35 ),
"transitions": PoolRealArray( 1, 1 ),
"update": 0,
"values": [ 12.2793, -9.5567 ]
}
tracks/4/type = "value"
tracks/4/path = NodePath("Armature/Body/RightArm/RightHand:position")
tracks/4/interp = 1
tracks/4/loop_wrap = true
tracks/4/imported = false
tracks/4/enabled = true
tracks/4/keys = {
"times": PoolRealArray( 0, 0.35 ),
"transitions": PoolRealArray( 1, 1 ),
"update": 0,
"values": [ Vector2( 2.38538, 16.7572 ), Vector2( 2.38537, 16.7572 ) ]
}
tracks/5/type = "value"
tracks/5/path = NodePath("Armature/Body/RightArm/RightHand:rotation_degrees")
tracks/5/interp = 1
tracks/5/loop_wrap = true
tracks/5/imported = false
tracks/5/enabled = true
tracks/5/keys = {
"times": PoolRealArray( 0, 0.35 ),
"transitions": PoolRealArray( 1, 1 ),
"update": 0,
"values": [ -34.6517, -35.7965 ]
}
tracks/6/type = "value"
tracks/6/path = NodePath("Armature/Body/RightArm:position")
tracks/6/interp = 1
tracks/6/loop_wrap = true
tracks/6/imported = false
tracks/6/enabled = true
tracks/6/keys = {
"times": PoolRealArray( 0, 0.35 ),
"transitions": PoolRealArray( 1, 1 ),
"update": 0,
"values": [ Vector2( -18.1396, -32 ), Vector2( -18.1396, -32 ) ]
}
tracks/7/type = "value"
tracks/7/path = NodePath("Armature/Body/RightArm:rotation_degrees")
tracks/7/interp = 1
tracks/7/loop_wrap = true
tracks/7/imported = false
tracks/7/enabled = true
tracks/7/keys = {
"times": PoolRealArray( 0, 0.35 ),
"transitions": PoolRealArray( 1, 1 ),
"update": 0,
"values": [ 0.0, 13.6321 ]
}
tracks/8/type = "value"
tracks/8/path = NodePath("Armature/Body:position")
tracks/8/interp = 1
tracks/8/loop_wrap = true
tracks/8/imported = false
tracks/8/enabled = true
tracks/8/keys = {
"times": PoolRealArray( 0 ),
"transitions": PoolRealArray( 1 ),
"update": 0,
"values": [ Vector2( 0.25, 34.825 ) ]
}
tracks/9/type = "value"
tracks/9/path = NodePath("Armature/Body:rotation_degrees")
tracks/9/interp = 1
tracks/9/loop_wrap = true
tracks/9/imported = false
tracks/9/enabled = true
tracks/9/keys = {
"times": PoolRealArray( 0 ),
"transitions": PoolRealArray( 1 ),
"update": 0,
"values": [ 0.0 ]
}
tracks/10/type = "value"
tracks/10/path = NodePath("Armature/Body/RightLeg:position")
tracks/10/interp = 1
tracks/10/loop_wrap = true
tracks/10/imported = false
tracks/10/enabled = true
tracks/10/keys = {
"times": PoolRealArray( 0 ),
"transitions": PoolRealArray( 1 ),
"update": 0,
"values": [ Vector2( -14.4994, -4.95843 ) ]
}
tracks/11/type = "value"
tracks/11/path = NodePath("Armature/Body/RightLeg:rotation_degrees")
tracks/11/interp = 1
tracks/11/loop_wrap = true
tracks/11/imported = false
tracks/11/enabled = true
tracks/11/keys = {
"times": PoolRealArray( 0 ),
"transitions": PoolRealArray( 1 ),
"update": 0,
"values": [ 0.0 ]
}
tracks/12/type = "value"
tracks/12/path = NodePath("Armature/Body/LeftLeg:position")
tracks/12/interp = 1
tracks/12/loop_wrap = true
tracks/12/imported = false
tracks/12/enabled = true
tracks/12/keys = {
"times": PoolRealArray( 0 ),
"transitions": PoolRealArray( 1 ),
"update": 0,
"values": [ Vector2( 10.0718, -3.8523 ) ]
}
tracks/13/type = "value"
tracks/13/path = NodePath("Armature/Body/LeftLeg:rotation_degrees")
tracks/13/interp = 1
tracks/13/loop_wrap = true
tracks/13/imported = false
tracks/13/enabled = true
tracks/13/keys = {
"times": PoolRealArray( 0 ),
"transitions": PoolRealArray( 1 ),
"update": 0,
"values": [ 0.0 ]
}

[sub_resource type="Animation" id=7]

length = 0.1
loop = true
step = 0.1
tracks/0/type = "value"
tracks/0/path = NodePath("Armature/Body:position")
tracks/0/interp = 1
tracks/0/loop_wrap = true
tracks/0/imported = false
tracks/0/enabled = true
tracks/0/keys = {
"times": PoolRealArray( 0 ),
"transitions": PoolRealArray( 1 ),
"update": 0,
"values": [ Vector2( 0.25, 34.825 ) ]
}
tracks/1/type = "value"
tracks/1/path = NodePath("Armature/Body:rotation_degrees")
tracks/1/interp = 1
tracks/1/loop_wrap = true
tracks/1/imported = false
tracks/1/enabled = true
tracks/1/keys = {
"times": PoolRealArray( 0 ),
"transitions": PoolRealArray( 1 ),
"update": 0,
"values": [ -11.6126 ]
}
tracks/2/type = "value"
tracks/2/path = NodePath("Armature/Body/RightArm/RightHand:position")
tracks/2/interp = 1
tracks/2/loop_wrap = true
tracks/2/imported = false
tracks/2/enabled = true
tracks/2/keys = {
"times": PoolRealArray( 0 ),
"transitions": PoolRealArray( 1 ),
"update": 0,
"values": [ Vector2( 2.38539, 16.7573 ) ]
}
tracks/3/type = "value"
tracks/3/path = NodePath("Armature/Body/RightArm/RightHand:rotation_degrees")
tracks/3/interp = 1
tracks/3/loop_wrap = true
tracks/3/imported = false
tracks/3/enabled = true
tracks/3/keys = {
"times": PoolRealArray( 0 ),
"transitions": PoolRealArray( 1 ),
"update": 0,
"values": [ -16.3031 ]
}
tracks/4/type = "value"
tracks/4/path = NodePath("Armature/Body/RightArm:position")
tracks/4/interp = 1
tracks/4/loop_wrap = true
tracks/4/imported = false
tracks/4/enabled = true
tracks/4/keys = {
"times": PoolRealArray( 0 ),
"transitions": PoolRealArray( 1 ),
"update": 0,
"values": [ Vector2( -18.1396, -32 ) ]
}
tracks/5/type = "value"
tracks/5/path = NodePath("Armature/Body/RightArm:rotation_degrees")
tracks/5/interp = 1
tracks/5/loop_wrap = true
tracks/5/imported = false
tracks/5/enabled = true
tracks/5/keys = {
"times": PoolRealArray( 0 ),
"transitions": PoolRealArray( 1 ),
"update": 0,
"values": [ -124.762 ]
}
tracks/6/type = "value"
tracks/6/path = NodePath("Armature/Body/LeftArm/LeftHand:position")
tracks/6/interp = 1
tracks/6/loop_wrap = true
tracks/6/imported = false
tracks/6/enabled = true
tracks/6/keys = {
"times": PoolRealArray( 0 ),
"transitions": PoolRealArray( 1 ),
"update": 0,
"values": [ Vector2( -0.313627, 15.7842 ) ]
}
tracks/7/type = "value"
tracks/7/path = NodePath("Armature/Body/LeftArm/LeftHand:rotation_degrees")
tracks/7/interp = 1
tracks/7/loop_wrap = true
tracks/7/imported = false
tracks/7/enabled = true
tracks/7/keys = {
"times": PoolRealArray( 0 ),
"transitions": PoolRealArray( 1 ),
"update": 0,
"values": [ 6.25345 ]
}
tracks/8/type = "value"
tracks/8/path = NodePath("Armature/Body/LeftArm:position")
tracks/8/interp = 1
tracks/8/loop_wrap = true
tracks/8/imported = false
tracks/8/enabled = true
tracks/8/keys = {
"times": PoolRealArray( 0 ),
"transitions": PoolRealArray( 1 ),
"update": 0,
"values": [ Vector2( 19.6922, -30.1584 ) ]
}
tracks/9/type = "value"
tracks/9/path = NodePath("Armature/Body/LeftArm:rotation_degrees")
tracks/9/interp = 1
tracks/9/loop_wrap = true
tracks/9/imported = false
tracks/9/enabled = true
tracks/9/keys = {
"times": PoolRealArray( 0 ),
"transitions": PoolRealArray( 1 ),
"update": 0,
"values": [ -138.725 ]
}
tracks/10/type = "value"
tracks/10/path = NodePath("Armature/Body/RightLeg:position")
tracks/10/interp = 1
tracks/10/loop_wrap = true
tracks/10/imported = false
tracks/10/enabled = true
tracks/10/keys = {
"times": PoolRealArray( 0 ),
"transitions": PoolRealArray( 1 ),
"update": 0,
"values": [ Vector2( -14.4994, -4.95843 ) ]
}
tracks/11/type = "value"
tracks/11/path = NodePath("Armature/Body/RightLeg:rotation_degrees")
tracks/11/interp = 1
tracks/11/loop_wrap = true
tracks/11/imported = false
tracks/11/enabled = true
tracks/11/keys = {
"times": PoolRealArray( 0 ),
"transitions": PoolRealArray( 1 ),
"update": 0,
"values": [ 39.7549 ]
}
tracks/12/type = "value"
tracks/12/path = NodePath("Armature/Body/LeftLeg:position")
tracks/12/interp = 1
tracks/12/loop_wrap = true
tracks/12/imported = false
tracks/12/enabled = true
tracks/12/keys = {
"times": PoolRealArray( 0, 0.1 ),
"transitions": PoolRealArray( 1, 1 ),
"update": 0,
"values": [ Vector2( 10.0718, -3.8523 ), Vector2( 10.0718, -3.8523 ) ]
}
tracks/13/type = "value"
tracks/13/path = NodePath("Armature/Body/LeftLeg:rotation_degrees")
tracks/13/interp = 1
tracks/13/loop_wrap = true
tracks/13/imported = false
tracks/13/enabled = true
tracks/13/keys = {
"times": PoolRealArray( 0, 0.1 ),
"transitions": PoolRealArray( 1, 1 ),
"update": 0,
"values": [ 16.1999, 16.2 ]
}

[sub_resource type="Animation" id=8]

length = 1.0
loop = true
step = 0.1
tracks/0/type = "value"
tracks/0/path = NodePath("Armature/Body/RightArm/RightHand:position")
tracks/0/interp = 1
tracks/0/loop_wrap = true
tracks/0/imported = false
tracks/0/enabled = true
tracks/0/keys = {
"times": PoolRealArray( 0, 0.2, 0.3, 0.4, 0.5 ),
"transitions": PoolRealArray( 1, 1, 1, 1, 1 ),
"update": 0,
"values": [ Vector2( 2.38537, 16.7572 ), Vector2( 2.38537, 16.7572 ), Vector2( 2.38537, 16.7572 ), Vector2( 2.38538, 16.7573 ), Vector2( 2.38536, 16.7573 ) ]
}
tracks/1/type = "value"
tracks/1/path = NodePath("Armature/Body/RightArm/RightHand:rotation_degrees")
tracks/1/interp = 1
tracks/1/loop_wrap = true
tracks/1/imported = false
tracks/1/enabled = true
tracks/1/keys = {
"times": PoolRealArray( 0, 0.2, 0.3, 0.4, 0.5 ),
"transitions": PoolRealArray( 1, 1, 1, 1, 1 ),
"update": 0,
"values": [ -27.8678, -30.355, -24.5649, -27.0013, -73.6348 ]
}
tracks/2/type = "value"
tracks/2/path = NodePath("Armature/Body/RightArm:position")
tracks/2/interp = 1
tracks/2/loop_wrap = true
tracks/2/imported = false
tracks/2/enabled = true
tracks/2/keys = {
"times": PoolRealArray( 0, 0.2, 0.3, 0.4, 0.5 ),
"transitions": PoolRealArray( 1, 1, 1, 1, 1 ),
"update": 0,
"values": [ Vector2( -18.1396, -32 ), Vector2( -18.1396, -32 ), Vector2( -18.1396, -32 ), Vector2( -18.1396, -32 ), Vector2( -18.1396, -32 ) ]
}
tracks/3/type = "value"
tracks/3/path = NodePath("Armature/Body/RightArm:rotation_degrees")
tracks/3/interp = 1
tracks/3/loop_wrap = true
tracks/3/imported = false
tracks/3/enabled = true
tracks/3/keys = {
"times": PoolRealArray( 0, 0.2, 0.3, 0.4, 0.5 ),
"transitions": PoolRealArray( 1, 1, 1, 1, 1 ),
"update": 0,
"values": [ -30.5979, -21.5367, -10.1743, 0.0141227, 26.7717 ]
}
tracks/4/type = "value"
tracks/4/path = NodePath("Armature/Body/LeftArm/LeftHand:position")
tracks/4/interp = 1
tracks/4/loop_wrap = true
tracks/4/imported = false
tracks/4/enabled = true
tracks/4/keys = {
"times": PoolRealArray( 0, 0.1, 0.2, 0.3, 0.4, 0.6 ),
"transitions": PoolRealArray( 1, 1, 1, 1, 1, 1 ),
"update": 0,
"values": [ Vector2( -0.31363, 15.7842 ), Vector2( -0.313629, 15.7842 ), Vector2( -0.313629, 15.7842 ), Vector2( -0.313631, 15.7842 ), Vector2( -0.313631, 15.7842 ), Vector2( -0.313629, 15.7842 ) ]
}
tracks/5/type = "value"
tracks/5/path = NodePath("Armature/Body/LeftArm/LeftHand:rotation_degrees")
tracks/5/interp = 1
tracks/5/loop_wrap = true
tracks/5/imported = false
tracks/5/enabled = true
tracks/5/keys = {
"times": PoolRealArray( 0, 0.1, 0.2, 0.3, 0.4, 0.6 ),
"transitions": PoolRealArray( 1, 1, 1, 1, 1, 1 ),
"update": 0,
"values": [ -38.1473, -40.2716, -40.0356, -57.749, -72.7306, -39.1741 ]
}
tracks/6/type = "value"
tracks/6/path = NodePath("Armature/Body/LeftArm:position")
tracks/6/interp = 1
tracks/6/loop_wrap = true
tracks/6/imported = false
tracks/6/enabled = true
tracks/6/keys = {
"times": PoolRealArray( 0, 0.1, 0.2, 0.3, 0.4, 0.5, 0.6 ),
"transitions": PoolRealArray( 1, 1, 1, 1, 1, 1, 1 ),
"update": 0,
"values": [ Vector2( 19.6922, -30.1584 ), Vector2( 19.6922, -30.1584 ), Vector2( 19.6922, -30.1584 ), Vector2( 19.6922, -30.1584 ), Vector2( 19.6922, -30.1584 ), Vector2( 19.6922, -30.1584 ), Vector2( 19.6922, -30.1584 ) ]
}
tracks/7/type = "value"
tracks/7/path = NodePath("Armature/Body/LeftArm:rotation_degrees")
tracks/7/interp = 1
tracks/7/loop_wrap = true
tracks/7/imported = false
tracks/7/enabled = true
tracks/7/keys = {
"times": PoolRealArray( 0, 0.1, 0.2, 0.3, 0.4, 0.5, 0.6 ),
"transitions": PoolRealArray( 1, 1, 1, 1, 1, 1, 1 ),
"update": 0,
"values": [ 1.15523, 5.19397, 4.74522, 9.624, 13.4701, -0.412797, -41.3057 ]
}
tracks/8/type = "value"
tracks/8/path = NodePath("Armature/Body/RightLeg:position")
tracks/8/interp = 1
tracks/8/loop_wrap = true
tracks/8/imported = false
tracks/8/enabled = true
tracks/8/keys = {
"times": PoolRealArray( 0, 0.1, 0.2, 0.3, 0.4 ),
"transitions": PoolRealArray( 1, 1, 1, 1, 1 ),
"update": 0,
"values": [ Vector2( -14.4994, -4.95843 ), Vector2( -14.4994, -4.95843 ), Vector2( -14.4994, -4.95843 ), Vector2( -14.4994, -4.95843 ), Vector2( -14.4994, -4.95843 ) ]
}
tracks/9/type = "value"
tracks/9/path = NodePath("Armature/Body/RightLeg:rotation_degrees")
tracks/9/interp = 1
tracks/9/loop_wrap = true
tracks/9/imported = false
tracks/9/enabled = true
tracks/9/keys = {
"times": PoolRealArray( 0, 0.1, 0.2, 0.3, 0.4 ),
"transitions": PoolRealArray( 1, 1, 1, 1, 1 ),
"update": 0,
"values": [ 68.0396, 58.4124, 44.891, 19.2359, -4.39751 ]
}
tracks/10/type = "value"
tracks/10/path = NodePath("Armature/Body/LeftLeg:position")
tracks/10/interp = 1
tracks/10/loop_wrap = true
tracks/10/imported = false
tracks/10/enabled = true
tracks/10/keys = {
"times": PoolRealArray( 0, 0.1, 0.2, 0.3, 0.4 ),
"transitions": PoolRealArray( 1, 1, 1, 1, 1 ),
"update": 0,
"values": [ Vector2( 10.0718, -3.8523 ), Vector2( 10.0718, -3.8523 ), Vector2( 10.0718, -3.8523 ), Vector2( 10.0718, -3.8523 ), Vector2( 10.0718, -3.8523 ) ]
}
tracks/11/type = "value"
tracks/11/path = NodePath("Armature/Body/LeftLeg:rotation_degrees")
tracks/11/interp = 1
tracks/11/loop_wrap = true
tracks/11/imported = false
tracks/11/enabled = true
tracks/11/keys = {
"times": PoolRealArray( 0, 0.1, 0.2, 0.3, 0.4 ),
"transitions": PoolRealArray( 1, 1, 1, 1, 1 ),
"update": 0,
"values": [ -34.9594, -25.0114, -15.2729, -10.213, 3.94138 ]
}
tracks/12/type = "value"
tracks/12/path = NodePath("Armature/Body:position")
tracks/12/interp = 1
tracks/12/loop_wrap = true
tracks/12/imported = false
tracks/12/enabled = true
tracks/12/keys = {
"times": PoolRealArray( 0, 0.1, 0.2, 0.3, 0.4 ),
"transitions": PoolRealArray( 1, 1, 1, 1, 1 ),
"update": 0,
"values": [ Vector2( 0.25, 34.825 ), Vector2( 0.25, 34.825 ), Vector2( 0.25, 34.825 ), Vector2( 0.25, 34.825 ), Vector2( 0.25, 34.825 ) ]
}
tracks/13/type = "value"
tracks/13/path = NodePath("Armature/Body:rotation_degrees")
tracks/13/interp = 1
tracks/13/loop_wrap = true
tracks/13/imported = false
tracks/13/enabled = true
tracks/13/keys = {
"times": PoolRealArray( 0, 0.2, 0.4, 0.6, 0.8 ),
"transitions": PoolRealArray( 1, 1, 1, 1, 1 ),
"update": 0,
"values": [ 6.18701, 5.76777, 5.62516, 5.69539, 4.70664 ]
}

[node name="Blobby2" type="KinematicBody2D" index="0"]

position = Vector2( 2.13957, -2.96008 )
input_pickable = false
collision_layer = 1
collision_mask = 1
collision/safe_margin = 0.08
script = ExtResource( 1 )
max_speed = 380
max_run_speed = 550
jump_strength = -500
acceleration = 35
run_acceleration = 75
backgroud_image = null
has_camera_bounds = true

[node name="Camera2D" type="Camera2D" parent="." index="0"]

visible = false
anchor_mode = 1
rotating = true
current = true
zoom = Vector2( 1, 1 )
limit_left = -10000000
limit_top = -10000000
limit_right = 10000000
limit_bottom = 10000000
limit_smoothed = true
drag_margin_h_enabled = true
drag_margin_v_enabled = true
smoothing_enabled = true
smoothing_speed = 5.0
offset_v = 0.0
offset_h = 0.0
drag_margin_left = 0.2
drag_margin_top = 0.2
drag_margin_right = 0.2
drag_margin_bottom = 0.2
editor_draw_screen = true
editor_draw_limits = false
editor_draw_drag_margin = false

[node name="Armature" type="Node2D" parent="." index="1"]

[node name="LeftArm" type="Sprite" parent="Armature" index="0"]

editor/display_folded = true
modulate = Color( 0, 1, 0.623529, 1 )
position = Vector2( 19.9422, 4.6666 )
rotation = -0.170734
texture = ExtResource( 2 )
offset = Vector2( 0, 8 )
_sections_unfolded = [ "Material", "Visibility" ]
__meta__ = {
"_edit_ik_": true
}

[node name="LeftHand" type="Sprite" parent="Armature/LeftArm" index="0"]

position = Vector2( -0.466963, 16.6736 )
rotation = -1.22816
texture = ExtResource( 2 )
offset = Vector2( 0, 8 )
_sections_unfolded = [ "Offset", "Visibility", "Z Index" ]

[node name="RightLeg" type="Sprite" parent="Armature" index="1"]

modulate = Color( 0, 1, 0.623529, 1 )
position = Vector2( -14.2494, 29.8666 )
texture = ExtResource( 3 )
offset = Vector2( 0, 8 )
_sections_unfolded = [ "Material", "Offset", "Transform", "Visibility", "Z Index" ]

[node name="LeftLeg" type="Sprite" parent="Armature" index="2"]

modulate = Color( 0, 1, 0.623529, 1 )
position = Vector2( 10.3218, 30.9727 )
texture = ExtResource( 3 )
offset = Vector2( 0, 8 )
_sections_unfolded = [ "Material", "Offset", "Visibility", "Z Index" ]

[node name="Body" type="Sprite" parent="Armature" index="3"]

modulate = Color( 0, 1, 0.625, 1 )
position = Vector2( 0.25, 34.825 )
texture = ExtResource( 4 )
offset = Vector2( 0, -32 )
_sections_unfolded = [ "Offset", "Visibility" ]

[node name="EyeLeft" type="Sprite" parent="Armature/Body" index="0"]

position = Vector2( 15.3884, -48.751 )
texture = ExtResource( 5 )
_sections_unfolded = [ "Z Index" ]

[node name="EyeRight" type="Sprite" parent="Armature/Body" index="1"]

position = Vector2( -5.48323, -48.751 )
texture = ExtResource( 5 )
_sections_unfolded = [ "Z Index" ]

[node name="RightArm" type="Sprite" parent="Armature/Body" index="2"]

position = Vector2( -18.1396, -32 )
rotation = -0.824916
texture = ExtResource( 6 )
offset = Vector2( 0, 8 )
_sections_unfolded = [ "Offset", "Z Index" ]
__meta__ = {
"_edit_ik_": true
}

[node name="RightHand" type="Sprite" parent="Armature/Body/RightArm" index="0"]

position = Vector2( 2.38538, 16.7572 )
rotation = -0.655372
texture = ExtResource( 6 )
offset = Vector2( 0, 8 )
_sections_unfolded = [ "Animation", "Offset", "Z Index" ]
__meta__ = {
"_edit_bone_": true
}

[node name="end" type="Position2D" parent="Armature/Body/RightArm/RightHand" index="0"]

position = Vector2( -0.69619, 15.3345 )
scale = Vector2( 1, 1.14786 )
_sections_unfolded = [ "Z Index" ]
__meta__ = {
"_edit_bone_": true
}

[node name="AttackCheck" type="Area2D" parent="Armature/Body/RightArm/RightHand" index="1"]

position = Vector2( -0.745247, 14.5701 )
input_pickable = true
gravity_vec = Vector2( 0, 1 )
gravity = 98.0
linear_damp = 0.1
angular_damp = 1.0
audio_bus_override = false
audio_bus_name = "Master"

[node name="AttackCollision" type="CollisionShape2D" parent="Armature/Body/RightArm/RightHand/AttackCheck" index="0"]

position = Vector2( -0.630617, 31.7077 )
scale = Vector2( 1, 1.71782 )
shape = SubResource( 9 )

[node name="RemoteLeftArm" type="RemoteTransform2D" parent="Armature/Body" index="3"]

remote_path = NodePath("")
use_global_coordinates = true
update_position = true
update_rotation = true
update_scale = true
__meta__ = {
"_edit_lock_": true
}

[node name="LeftArm" type="RemoteTransform2D" parent="Armature/Body" index="4"]

position = Vector2( 19.6922, -30.1584 )
rotation = -0.170734
remote_path = NodePath("../../LeftArm")
use_global_coordinates = true
update_position = true
update_rotation = true
update_scale = true
_sections_unfolded = [ "Offset", "Z Index" ]
__meta__ = {
"_edit_ik_": true,
"_edit_lock_": true
}

[node name="LeftHand" type="RemoteTransform2D" parent="Armature/Body/LeftArm" index="0"]

position = Vector2( -0.466963, 16.6736 )
rotation = -1.22816
remote_path = NodePath("../../../LeftArm/LeftHand")
use_global_coordinates = true
update_position = true
update_rotation = true
update_scale = true
_sections_unfolded = [ "Offset", "Visibility", "Z Index" ]
__meta__ = {
"_edit_bone_": true
}

[node name="end" type="Position2D" parent="Armature/Body/LeftArm/LeftHand" index="0"]

position = Vector2( -0.192622, 14.5801 )
rotation = 0.150318
__meta__ = {
"_edit_bone_": true
}

[node name="RightLeg" type="RemoteTransform2D" parent="Armature/Body" index="5"]

position = Vector2( -14.4994, -4.95843 )
remote_path = NodePath("../../RightLeg")
use_global_coordinates = true
update_position = true
update_rotation = true
update_scale = true
_sections_unfolded = [ "Offset", "Transform", "Z Index" ]
__meta__ = {
"_edit_lock_": true
}

[node name="LeftLeg" type="RemoteTransform2D" parent="Armature/Body" index="6"]

position = Vector2( 10.0718, -3.8523 )
remote_path = NodePath("../../LeftLeg")
use_global_coordinates = true
update_position = true
update_rotation = true
update_scale = true
_sections_unfolded = [ "Offset", "Transform" ]
__meta__ = {
"_edit_lock_": true
}

[node name="CollisionShape2D" type="CollisionShape2D" parent="." index="2"]

visible = false
shape = SubResource( 2 )

[node name="GUI" parent="." index="3" instance=ExtResource( 7 )]

[node name="sfx_jump" type="AudioStreamPlayer2D" parent="." index="4"]

visible = false
stream = ExtResource( 8 )
volume_db = 0.0
autoplay = false
max_distance = 2000.0
attenuation = 1.0
bus = "Master"
area_mask = 1

[node name="sfx_hurt" type="AudioStreamPlayer2D" parent="." index="5"]

visible = false
stream = ExtResource( 9 )
volume_db = 0.0
autoplay = false
max_distance = 2000.0
attenuation = 1.0
bus = "Master"
area_mask = 1

[node name="Background" type="ParallaxBackground" parent="." index="6"]

editor/display_folded = true
layer = -1
offset = Vector2( 0, 0 )
rotation = 0.0
scale = Vector2( 1, 1 )
transform = Transform2D( 1, 0, 0, 1, 0, 0 )
scroll_offset = Vector2( 0, 0 )
scroll_base_offset = Vector2( 0, 0 )
scroll_base_scale = Vector2( 1, 1 )
scroll_limit_begin = Vector2( 0, 0 )
scroll_limit_end = Vector2( 0, 0 )
scroll_ignore_camera_zoom = true
_sections_unfolded = [ "Scroll" ]

[node name="Background" type="Sprite" parent="Background" index="0"]

texture = ExtResource( 10 )
centered = false
_sections_unfolded = [ "Offset" ]
__meta__ = {
"_edit_lock_": true
}

[node name="Animation" type="AnimationPlayer" parent="." index="7"]

root_node = NodePath("..")
autoplay = "idle"
playback_process_mode = 1
playback_default_blend_time = 0.0
playback_speed = 1.0
anims/attack = SubResource( 3 )
anims/dead = SubResource( 4 )
anims/fall = SubResource( 5 )
anims/idle = SubResource( 6 )
anims/jump = SubResource( 7 )
anims/run = SubResource( 8 )
blend_times = [  ]

[connection signal="body_entered" from="Armature/Body/RightArm/RightHand/AttackCheck" to="." method="_on_AttackCheck_body_entered"]


